<?xml version="1.0" encoding="UTF-8"?><record xmlns="http://www.loc.gov/MARC21/slim" xmlns:cinclude="http://apache.org/cocoon/include/1.0" xmlns:zs="http://www.loc.gov/zing/srw/">
  <leader>00525nz  a2200181n  4500</leader>
  <controlfield tag="001">n  90674470 </controlfield>
  <controlfield tag="003">DLC</controlfield>
  <controlfield tag="005">19900726090203.4</controlfield>
  <controlfield tag="008">900726n| acaabaaa|          |a ana |||  </controlfield>
  <datafield tag="010" ind1=" " ind2=" ">
    <subfield code="a">n  90674470 </subfield>
  </datafield>
  <datafield tag="040" ind1=" " ind2=" ">
    <subfield code="a">DLC</subfield>
    <subfield code="c">DLC</subfield>
  </datafield>
  <datafield tag="130" ind1=" " ind2="0">
    <subfield code="a">Collection L'Esprit d'entreprise</subfield>
  </datafield>
  <datafield tag="430" ind1=" " ind2="0">
    <subfield code="a">Esprit d'entreprise (Economica (Firm))</subfield>
  </datafield>
  <datafield tag="643" ind1=" " ind2=" ">
    <subfield code="a">Paris</subfield>
    <subfield code="b">Economica</subfield>
  </datafield>
  <datafield tag="644" ind1=" " ind2=" ">
    <subfield code="a">f</subfield>
    <subfield code="5">DLC</subfield>
  </datafield>
  <datafield tag="645" ind1=" " ind2=" ">
    <subfield code="a">t</subfield>
    <subfield code="5">DLC</subfield>
  </datafield>
  <datafield tag="646" ind1=" " ind2=" ">
    <subfield code="a">s</subfield>
    <subfield code="5">DLC</subfield>
  </datafield>
  <datafield tag="670" ind1=" " ind2=" ">
    <subfield code="a">Dervaux, B. Politique financieĚre de l'entreprise, c1990:</subfield>
    <subfield code="b">t.p. (Collection L'Esprit d'entreprise)</subfield>
  </datafield>
</record>